<record><leader>00000cas a2200000 a 4500</leader><controlfield tag="001">36138949</controlfield><controlfield tag="008">961228c19549999miudn ne      0   a0eng c</controlfield><datafield ind1=" " ind2=" " tag="010"><subfield code="a">sn 96077419 </subfield></datafield><datafield ind1=" " ind2=" " tag="040"><subfield code="a">MHN</subfield><subfield code="b">eng</subfield><subfield code="c">MHN</subfield><subfield code="d">NSD</subfield><subfield code="d">MHN</subfield><subfield code="d">OCL</subfield><subfield code="d">OCLCQ</subfield><subfield code="d">OCLCF</subfield><subfield code="d">OCLCO</subfield></datafield><datafield ind1=" " ind2=" " tag="012"><subfield code="l">1</subfield></datafield><datafield ind1="1" ind2=" " tag="022"><subfield code="a">1093-0108</subfield><subfield code="l">1093-0108</subfield><subfield code="2">1</subfield></datafield><datafield ind1="1" ind2=" " tag="029"><subfield code="a">AU@</subfield><subfield code="b">000013023182</subfield></datafield><datafield ind1=" " ind2=" " tag="042"><subfield code="a">pcc</subfield><subfield code="a">nsdp</subfield></datafield><datafield ind1=" " ind2="0" tag="222"><subfield code="a">Petoskey news-review</subfield></datafield><datafield ind1="0" ind2="0" tag="245"><subfield code="a">Petoskey news-review.</subfield></datafield><datafield ind1="1" ind2=" " tag="246"><subfield code="a">Weekender Petoskey news-review</subfield></datafield><datafield ind1="3" ind2=" " tag="246"><subfield code="a">Petoskey news review</subfield></datafield><datafield ind1=" " ind2=" " tag="260"><subfield code="a">Petoskey, Mich. :</subfield><subfield code="b">Northern Michigan Review</subfield></datafield><datafield ind1=" " ind2=" " tag="300"><subfield code="a">v.</subfield></datafield><datafield ind1=" " ind2=" " tag="310"><subfield code="a">Daily (except Sat., Sun., and holidays)</subfield><subfield code="b">Mar. 23, 1970-</subfield></datafield><datafield ind1=" " ind2=" " tag="321"><subfield code="a">Daily (except Sun.)</subfield><subfield code="b">Nov. 11, 1954-Mar. 21, 1970</subfield></datafield><datafield ind1="0" ind2=" " tag="362"><subfield code="a">Vol. 69, no. 36 (Nov. 11, 1954)-</subfield></datafield><datafield ind1=" " ind2=" " tag="580"><subfield code="a">Issued with: Northern Michigan graphic resorter, &lt;July 6, 1964&gt;-&lt;Sept. 2, 1974&gt;.</subfield></datafield><datafield ind1=" " ind2=" " tag="500"><subfield code="a">Friday ed. called: Weekender Petoskey news-review.</subfield></datafield><datafield ind1=" " ind2=" " tag="500"><subfield code="a">Issue called: News-review 100th year anniversary celebration, Oct. 16, 1975.</subfield></datafield><datafield ind1=" " ind2="0" tag="651"><subfield code="a">Petoskey (Mich.)</subfield><subfield code="v">Newspapers.</subfield></datafield><datafield ind1=" " ind2="0" tag="651"><subfield code="a">Emmet County (Mich.)</subfield><subfield code="v">Newspapers.</subfield></datafield><datafield ind1=" " ind2="7" tag="655"><subfield code="a">Newspapers.</subfield><subfield code="2">fast</subfield><subfield code="0">(OCoLC)fst01423814</subfield></datafield><datafield ind1=" " ind2="7" tag="651"><subfield code="a">Michigan</subfield><subfield code="z">Emmet County.</subfield><subfield code="2">fast</subfield><subfield code="0">(OCoLC)fst01216498</subfield></datafield><datafield ind1=" " ind2="7" tag="651"><subfield code="a">Michigan</subfield><subfield code="z">Petoskey.</subfield><subfield code="2">fast</subfield><subfield code="0">(OCoLC)fst01233358</subfield></datafield><datafield ind1="1" ind2=" " tag="777"><subfield code="t">Northern Michigan graphic resorter</subfield><subfield code="w">(DLC)sn 97070594</subfield><subfield code="w">(OCoLC)38253519</subfield></datafield><datafield ind1=" " ind2=" " tag="752"><subfield code="a">United States</subfield><subfield code="b">Michigan</subfield><subfield code="c">Emmet</subfield><subfield code="d">Petoskey.</subfield></datafield><datafield ind1="0" ind2="0" tag="780"><subfield code="t">Petoskey evening news and Northern Michigan review</subfield><subfield code="w">(DLC)sn 96077417</subfield><subfield code="w">(OCoLC)36137625</subfield></datafield></record>